<collection xmlns="http://www.loc.gov/MARC21/slim">
<record>
  <leader>01257nam0a2200241 i 450 </leader>
  <controlfield tag="001">IT\ICCU\CNCE\051587</controlfield>
  <controlfield tag="005">20061009000000.0</controlfield>
  <datafield tag="012" ind1=" " ind2=" ">
    <subfield code="a">hio, codi leme col&apos; (3) 1564 (R)</subfield>
    <subfield code="2">fei</subfield>
  </datafield>
  <datafield tag="100" ind1=" " ind2=" ">
    <subfield code="a">20010219d1564        0itac0103    ba</subfield>
  </datafield>
  <datafield tag="101" ind1=" " ind2=" ">
    <subfield code="a">ITA</subfield>
  </datafield>
  <datafield tag="102" ind1=" " ind2=" ">
    <subfield code="a">IT</subfield>
  </datafield>
  <datafield tag="200" ind1="1" ind2=" ">
    <subfield code="a">Dialogo della virtu della humilta. Composto dal r.p. frate Pietromartire Morelli da Garresio dell&apos;ordine de predicatori. Indegno seruo di Giesu Christo. Diuiso in tre libri con la tauola de&apos; capitoli che nell&apos;opera si contengono</subfield>
  </datafield>
  <datafield tag="210" ind1=" " ind2=" ">
    <subfield code="a">In Trino</subfield>
    <subfield code="d">1564</subfield>
    <subfield code="e">In Trino</subfield>
    <subfield code="g">appresso Gio. Francesco Giolito De Ferrari</subfield>
    <subfield code="h">1564</subfield>
  </datafield>
  <datafield tag="215" ind1=" " ind2=" ">
    <subfield code="a">\8!, 74, \4! c.</subfield>
    <subfield code="d">8ʻ</subfield>
  </datafield>
  <datafield tag="620" ind1=" " ind2=" ">
    <subfield code="a">IT</subfield>
    <subfield code="d">Trino</subfield>
  </datafield>
  <datafield tag="700" ind1=" " ind2="1">
    <subfield code="a">Morelli,</subfield>
    <subfield code="b">Pietro Martire</subfield>
    <subfield code="3">IT\ICCU\CNCA\009687</subfield>
  </datafield>
  <datafield tag="712" ind1="0" ind2="0">
    <subfield code="a">Giolito De Ferrari, Giovanni Francesco</subfield>
    <subfield code="3">IT\ICCU\CNCT\000025</subfield>
    <subfield code="4">650</subfield>
  </datafield>
  <datafield tag="790" ind1=" " ind2="1">
    <subfield code="a">Morello,</subfield>
    <subfield code="b">Pietro Martire</subfield>
    <subfield code="3">IT\ICCU\CNCA\021000</subfield>
    <subfield code="z">Morelli, Pietro Martire</subfield>
  </datafield>
  <datafield tag="790" ind1=" " ind2="0">
    <subfield code="a">Pietromartire</subfield>
    <subfield code="c"> : da#Garessio</subfield>
    <subfield code="3">IT\ICCU\CNCA\026116</subfield>
    <subfield code="z">Morelli, Pietro Martire</subfield>
  </datafield>
  <datafield tag="791" ind1="0" ind2="0">
    <subfield code="a">Iolitus de Ferrarijs, Ioannes Franciscus</subfield>
    <subfield code="3">IT\ICCU\CNCT\004890</subfield>
    <subfield code="z">Giolito De Ferrari, Giovanni Francesco</subfield>
  </datafield>
  <datafield tag="801" ind1=" " ind2="3">
    <subfield code="a">IT</subfield>
    <subfield code="b">ICCU</subfield>
    <subfield code="c">20201115</subfield>
  </datafield>
  <datafield tag="899" ind1=" " ind2=" ">
    <subfield code="a">Biblioteca del Seminario vescovile. Casale Monferrato</subfield>
    <subfield code="1">AL0024</subfield>
    <subfield code="2">TO0 L2</subfield>
  </datafield>
  <datafield tag="899" ind1=" " ind2=" ">
    <subfield code="a">Biblioteca universitaria. Genova</subfield>
    <subfield code="1">GE0038</subfield>
    <subfield code="2">LIG 01</subfield>
  </datafield>
</record>
</collection>
